@article{lecun2015deep,
  title={{Deep learning}},
  author={LeCun, Yann and Bengio, Yoshua and Hinton, Geoffrey},
  journal={nature},
  volume={521},
  number={7553},
  pages={436--444},
  year={2015},
  publisher={Nature Publishing Group}
}



@book{goodfellow2016deep,
  title={Deep learning},
  author={Goodfellow, Ian and Bengio, Yoshua and Courville, Aaron},
  year={2016},
  publisher={MIT press}
}

@electronic{IEEEhowto:IEEEtranpage,
  author        = "Michael Shell",
  title         = "{IEEE}tran Homepage",
  url           = "http://www.michaelshell.org/tex/ieeetran/",
  year          = "2015"
}

@inproceedings{patwa2021fighting,
  title={Fighting an infodemic: Covid-19 fake news dataset},
  author={Patwa, Parth and Sharma, Shivam and Pykl, Srinivas and Guptha, Vineeth and Kumari, Gitanjali and Akhtar, Md Shad and Ekbal, Asif and Das, Amitava and Chakraborty, Tanmoy},
  booktitle={International Workshop on​ Combating On​ line Ho​ st​ ile Posts in​ Regional Languages dur​ ing Emerge​ ncy Si​ tuation},
  pages={21--29},
  year={2021},
  organization={Springer}
}

@electronic{dhanoopmedium,
  author        = "Dhanoop",
  title         = "Deep learning series 1: Intro to deep learning",
  url           = "https://medium.com/intro-to-artificial-intelligence/deep-learning-series-1-intro-to-deep-learning-abb1780ee20",
  month         = apr,
  year          = "2013"
}